@article{dimNPv,
    author    = {Dana L. Grinstead and
                 Peter J. Slater and
                 Naveed A. Sherwani and
                 Nancy D. Holmes},
    title     = {Efficient Edge Domination Problems in Graphs},
    journal   = {Information Processing Letters},
    volume    = {48},
    number    = {5},
    day       = {10},
    year      = {1993},
    pages     = {221--228},
}

@article{CographsP4free,
    title = "Complement reducible graphs",
    journal = "Discrete Applied Mathematics",
    volume = "3",
    number = "3",
    pages = "163--174",
    year = "1981",
    author = "D. G. Corneil and H. Lerchs and L. Stewart Burlingham"
}

@book{garey1979computers,
    title={Computers and Intractability: a Guide to the Theory of NP-completeness},
    author={Garey, M.R. and Johnson, D.S.},
    series={Series of books in the mathematical sciences},
    year={1979},
    publisher={W. H. Freeman}
}

@article{Faber1984,
    title = "Domination, independent domination, and duality in strongly chordal graphs",
    journal = "Discrete Applied Mathematics",
    volume = "7",
    number = "2",
    pages = "115--130",
    year = "1984",
    author = "Martin Farber"
}


@incollection{Karp72,
    author = {R. Karp},
    booktitle = {Complexity of Computer Computations},
    editor = {R. Miller and J. Thatcher},
    pages = {85--103},
    publisher = {Plenum Press},
    title = {Reducibility among combinatorial problems},
    year = {1972}
}

@book{berge1989hypergraphs,
    title={Hypergraphs: combinatorics of finite sets},
    author={Claude Berge},
    series={North-Holland mathematical library},
    year={1989},
    volume = "45",
    publisher={North Holland}
}

@book{brandstaedt1999graph,
    title={Graph classes: a survey},
    author={Andreas Brandstädt and Van Bang Le and Jeremy P. Spinrad},
    series={SIAM monographs on discrete mathematics and applications},
    year={1999},
    publisher={Society for Industrial and Applied Mathematics}
}

@article{Cardoso2011,
    author = {Cardoso, Domingos M. and Korpelainen, Nicholas and Lozin, Vadim V.},
    title = {On the complexity of the dominating induced matching problem in hereditary classes of graphs},
    journal = {Discrete Applied Mathematics},
    issue_date = {April, 2011},
    volume = {159},
    issue = {7},
    year = {2011},
    pages = {521--531},
    numpages = {11},
    publisher = {Elsevier Science Publishers B. V.},
    address = {Amsterdam, The Netherlands, The Netherlands},
}

@article {ClWidthSOL,
    author = {Courcelle, B. and Makowsky, J. A. and Rotics, U.},
    affiliation = {Laboratoire d'Informatique, Université Bordeaux-I, 33405 Talence, France Bruno.Courcelle@labri.u-bordeaux.fr FR},
    title = {Linear Time Solvable Optimization Problems on Graphs of Bounded Clique-Width},
    journal = {Theory of Computing Systems},
    publisher = {Springer New York},
    pages = {125--150},
    volume = {33},
    issue = {2},
    year = {2000}
}

@article {Dirac1961,
    author = {Dirac, G.},
    affiliation = {(Hamburg)},
    title = {On rigid circuit graphs},
    journal = {Abhandlungen aus dem Mathematischen Seminar der Universität Hamburg},
    publisher = {Springer Berlin / Heidelberg},
    pages = {71--76},
    volume = {25},
    issue = {1},
    year = {1961}
}

@book{kreuzer2006logik,
    title={Logik für Informatiker},
    author={Kreuzer, M. and Kühling, S.},
    year={2006},
    publisher={Pearson Studium}
}

 @misc{wikiD:FOL,
    author = "Wikipedia",
    title = "Prädikatenlogik erster Stufe --- Wikipedia{,} Die freie Enzyklopädie",
    year = "2011",
    url = "http://de.wikipedia.org/w/index.php?oldid=90425069",
    note = "[Online; Stand 11. September 2011]"
 }

@misc{ wikiE:DomSet,
    author = "Wikipedia",
    title = "Dominating set --- Wikipedia{,} The Free Encyclopedia",
    year = "2011",
    url = "http://en.wikipedia.org/w/index.php?oldid=454285919",
    note = "[Online; Stand 5. Dezember 2011]"
 }

@misc{ wikiE:DomSet,
    author = "Wikipedia",
    title = "Dominating set --- Wikipedia{,} The Free Encyclopedia",
    year = "2011",
    url = "http://en.wikipedia.org/w/index.php?oldid=454285919",
    note = "[Online; Stand 5 Dezember 2011]"
 }

@misc{ wikiD:Extremwert,
   author = "Wikipedia",
   title = "Extremwert --- Wikipedia{,} Die freie Enzyklopädie",
   year = "2012",
   url = "http://de.wikipedia.org/w/index.php?title=Extremwert&oldid=98026147",
   note = "[Online; Stand 18. Februar 2012]"
 }

@misc{ wikiMedia:IntervalGraph,
    author = "David Eppstein",
    title = "An interval graph",
    year = "2010",
    url = "http://commons.wikimedia.org/w/index.php?oldid=36410506",
    note = "[Online; Stand 27 Dezember 2011]"
 }

@misc{ wikiMedia:DistanceHereditaryGraph,
    author = "David Eppstein",
    title = "A distance-hereditary graph",
    year = "2010",
    month = may,
    day = 7,
    url = "http://commons.wikimedia.org/w/index.php?oldid=26354539",
    note = "[Online; Stand 3 Januar 2012]"
 }

@article{ChainChin1996,
    title = "The weighted perfect domination problem and its variants",
    journal = "Discrete Applied Mathematics",
    volume = "66",
    number = "2",
    pages = "147--160",
    year = "1996",
    author = "Yen Chain-Chin and R.C.T. Lee"
}

@article{LinearTimeAcylicityTest,
    author="Tarjan, Robert E. and Yannakakis, Mihalis",
    title="{Simple linear-time algorithms to test chordality of graphs, test
    acyclicity of hypergraphs, and selectively reduce acyclic hypergraphs.}",
    journal="SIAM Journal on Computing",
    volume="13",
    pages="566--579",
    year="1984",
}

@article{Rose1976,
    author="Rose, Donald J. and Tarjan, R.Endre and Lueker, George S.",
    title="{Algorithmic Aspects of Vertex Elimination on Graphs}",
    journal="SIAM Journal on Computing",
    volume="5",
    pages="266--283",
    year="1976",
}

@article{Faber1983,
    title = "Characterizations of strongly chordal graphs",
    journal = "Discrete Mathematics",
    volume = "43",
    number = "2-3",
    pages = "173--189",
    year = "1983",
    author = "Martin Farber"
}

@article{Anstee1984,
    title = "Characterizations of totally balanced matrices",
    journal = "Journal of Algorithms",
    volume = "5",
    number = "2",
    pages = "215--230",
    year = "1984",
    author = "R.P Anstee and Martin Farber"
}

@incollection {wipdIntervall,
    author = {Chang, Gerard and Pandu Rangan, C. and Coorg, Satyan},
    affiliation = {National Chiao Tung University Department of Applied Mathematics 30050 Hsinchu Taiwan, Republic of China 30050 Hsinchu Taiwan, Republic of China},
    title = {Weighted independent perfect domination on cocomparability graphs},
    booktitle = {Algorithms and Computation},
    series = {Lecture Notes in Computer Science},
    editor = {Ng, K. and Raghavan, P. and Balasubramanian, N. and Chin, F.},
    publisher = {Springer Berlin / Heidelberg},
    pages = {506--514},
    volume = {762},
    year = {1993}
}

@article{Faber1982,
    title = "Independent domination in chordal graphs",
    journal = "Operations Research Letters",
    volume = "1",
    number = "4",
    pages = "134--138",
    year = "1982",
    author = "Martin Farber",
}

@phdthesis{FarberPhD,
  title={Applications of linear programming duality to problems involving independence and domination},
  author={Farber, Martin},
  school={Rutgers University},
  year={1981},
}

@article{GerardJ2004,
    title = "The weighted independent domination problem is NP-complete for chordal graphs",
    journal = "Discrete Applied Mathematics",
    volume = "143",
    number = "1-3",
    pages = "351--352",
    year = "2004",
    author = "Gerard J. and Chang",
}

@article{Booth1976,
    title = "Testing for the consecutive ones property, interval graphs, and graph planarity using PQ-tree algorithms",
    journal = "Journal of Computer and System Sciences",
    volume = "13",
    number = "3",
    pages = "335--379",
    year = "1976",
    author = "Kellogg S. Booth and George S. Lueker"
}

@article{Bandelt1986,
    title = "Distance-hereditary graphs",
    journal = "Journal of Combinatorial Theory, Series B",
    volume = "41",
    number = "2",
    pages = "182--208",
    year = "1986",
    author = "Hans-Jürgen Bandelt and Henry Martyn Mulder"
}

@article{Howorka1977,
    author = {Howorka, Edward}, 
    title = {A characterization of distance-hereditary graphs}, 
    volume = {28}, 
    number = {4}, 
    pages = {417--420}, 
    year = {1977}, 
    journal = {The Quarterly Journal of Mathematics} 
}





@article{duallyChordal,
    author = {Andreas Brandstädt and Feodor Dragan and Victor Chepoi and Vitaly Voloshin},
    title = {Dually Chordal Graphs},
    publisher = {SIAM},
    year = {1998},
    journal = {SIAM Journal on Discrete Mathematics},
    volume = {11},
    number = {3},
    pages = {437--455},
}

@article{Brandstaedt199843,
    title = "The algorithmic use of hypertree structure and maximum neighbourhood orderings",
    journal = "Discrete Applied Mathematics",
    volume = "82",
    number = "1–3",
    pages = "43--77",
    year = "1998",
    author = "Andreas Brandstädt and Victor D. Chepoi and Feodor F. Dragan"
}


@incollection {duallyChordal_springer,
   author = {Brandstädt, Andreas and Dragan, Feodor and Chepoi, Victor and Voloshin, Vitaly},
   title = {Dually chordal graphs},
   booktitle = {Graph-Theoretic Concepts in Computer Science},
   series = {Lecture Notes in Computer Science},
   editor = {van Leeuwen, Jan},
   publisher = {Springer Berlin / Heidelberg},
   pages = {237--251},
   volume = {790},
   year = {1994}
}

@article{Beeri1983,
 author = {Beeri, Catriel and Fagin, Ronald and Maier, David and Yannakakis, Mihalis},
 title = {On the Desirability of Acyclic Database Schemes},
 journal = {Journal of the ACM},
 volume = {30},
 issue = {3},
 year = {1983},
 pages = {479--513},
 numpages = {35},
 publisher = {ACM},
 address = {New York, NY, USA},
}

@article{Fagin1983,
 author = {Fagin, Ronald},
 title = {Degrees of acyclicity for hypergraphs and relational database schemes},
 journal = {Journal of the ACM},
 volume = {30},
 issue = {3},
 month = jul,
 year = {1983},
 pages = {514--550},
 numpages = {37},
 publisher = {ACM},
 address = {New York, NY, USA},
}

@incollection {cliqueWidthPerfectGraphs,
   author = {Golumbic, Martin and Rotics, Udi},
   affiliation = {Bar-Ilan University Department of Mathematics and Computer Science Ramat-Gan Israel},
   title = {On the Clique-Width of Perfect Graph Classes},
   booktitle = {Graph-Theoretic Concepts in Computer Science},
   series = {Lecture Notes in Computer Science},
   editor = {Widmayer, Peter and Neyer, Gabriele and Eidenbenz, Stephan},
   publisher = {Springer Berlin / Heidelberg},
   pages = {135--147},
   volume = {1665},
   year = {1999}
}

@article{booth1982,
    author = {Kellogg S. Booth and J. Howard Johnson},
    title = {Dominating Sets in Chordal Graphs},
    publisher = {SIAM},
    year = {1982},
    journal = {SIAM Journal on Computing},
    volume = {11},
    number = {1},
    pages = {191--199},
}

@incollection{Frank1976,
    author={Frank, Andras},
    title={Some polynomial algorithms for certain graphs and hypergraphs},
    booktitle={Proceedings of the Fifth British Combinatorial Conference 1975},
    series={Congressus Numerantium},
    publisher={Utilitas Mathematica Publishing},
    year={1976},
    pages={211--226},
    number={XV},
}    

@article{Damiand200199,
	title = "A simple paradigm for graph recognition: application to cographs and distance hereditary graphs",
	journal = "Theoretical Computer Science",
	volume = "263",
	number = "1–2",
	pages = "99--111",
	year = "2001",
	author = "Guillaume Damiand and Michel Habib and Christophe Paul",
}
    
@book{GrStrucAndMSOL,
    title = {Graph Structure and Monadic Second-Order Logic: A Language-Theoretic Approach},
    author = {Bruno Courcelle and Joost Engelfriet},
    publisher = {Cambridge University Press},
    year = {2012},
    month = may,
    number = {138},
    series = {Encyclopedia of Mathematics and its Applications},
    note = {noch nicht erschienen}
}

@article{korte68,
    author = {Norbert Korte and Rolf H. Möhring},
    title = {An Incremental Linear-Time Algorithm for Recognizing Interval Graphs},
    publisher = {SIAM},
    year = {1989},
    journal = {SIAM Journal on Computing},
    volume = {18},
    number = {1},
    pages = {68--81},
}

@article{Habib200059,
    title = "Lex-BFS and partition refinement, with applications to transitive orientation, interval graph recognition and consecutive ones testing",
    journal = "Theoretical Computer Science",
    volume = "234",
    number = "1–2",
    pages = "59--84",
    year = "2000",
    author = "Michel Habib and Ross McConnell and Christophe Paul and Laurent Viennot",
}


@article{PaigeTarjan1987,
    author = {Robert Paige and Robert E. Tarjan},
    title = {Three Partition Refinement Algorithms},
    publisher = {SIAM},
    year = {1987},
    journal = {SIAM Journal on Computing},
    volume = {16},
    number = {6},
    pages = {973--989},
}


@article{Spinrad1993229,
    title = "Doubly lexical ordering of dense 0–1 matrices",
    journal = "Information Processing Letters",
    volume = "45",
    number = "5",
    pages = "229--235",
    year = "1993",
    author = "Jeremy P. Spinrad",
}

@article{Shier1984325,
    title = "Some aspects of perfect elimination orderings in chordal graphs",
    journal = "Discrete Applied Mathematics",
    volume = "7",
    number = "3",
    pages = "325--331",
    year = "1984",
    author = "D.R. Shier"
}

@article{Panda1996111,
    title = "New linear time algorithms for generating perfect elimination orderings of chordal graphs",
    journal = "Information Processing Letters",
    volume = "58",
    number = "3",
    pages = "111--115",
    year = "1996",
    author = "B.S. Panda",
}

@incollection {eedHoleFree,
   author = {Brandstädt, Andreas and Hundt, Christian and Nevries, Ragnar},
   title = {Efficient Edge Domination on Hole-Free Graphs in Polynomial Time},
   booktitle = {LATIN 2010: Theoretical Informatics},
   series = {Lecture Notes in Computer Science},
   editor = {López-Ortiz, Alejandro},
   publisher = {Springer Berlin / Heidelberg},
   pages = {650--661},
   volume = {6034},
   year = {2010}
}

@incollection {eedP7Free,
   author = {Brandstädt, Andreas and Mosca, Raffaele},
   title = {Dominating Induced Matchings for $P_7$-free Graphs in Linear Time},
   booktitle = {Algorithms and Computation},
   series = {Lecture Notes in Computer Science},
   editor = {Asano, Takao and Nakano, Shin-ichi and Okamoto, Yoshio and Watanabe, Osamu},
   publisher = {Springer Berlin / Heidelberg},
   pages = {100--109},
   volume = {7074},
   year = {2011}
}

@inproceedings{Livingston1988,
 author = {Livingston, M. and Stout, Q. F.},
 title = {Distributing resources in hypercube computers},
 booktitle = {Proceedings of the third conference on Hypercube concurrent computers and applications},
 series = {C3P},
 year = {1988},
 location = {Pasadena, California, United States},
 pages = {222--231},
 publisher = {ACM},
} 

@article{Lu2002227,
    title = "Perfect edge domination and efficient edge domination in graphs",
    journal = "Discrete Applied Mathematics",
    volume = "119",
    number = "3",
    pages = "227--250",
    year = "2002",
    author = "Chin Lung Lu and Ming-Tat Ko and Chuan Yi Tang",
}

@article{ChinLungLu|ChuanYiTang1998203,
    title = "Solving the weighted efficient edge domination problem on bipartite permutation graphs",
    journal = "Discrete Applied Mathematics",
    volume = "87",
    number = "1–3",
    pages = "203--211",
    year = "1998",
    author = "Chin Lung Lu and Chuan Yi Tang",
}